%   ****************************************
%   * File: SAMPLE.BIB                     *
%   ****************************************
%   * An invented bib file                 *
%   * For the sample texts                 *
%   * The order is unimportant and there   *
%   * may be more entries than references  *
%   * in the text                          *
%   ****************************************
% 

% Taken from: http://tug.ctan.org/tex-archive/macros/latex/contrib/aguplus/sample.bib
% With minor modifications by Joshua T. Guerin for Senior Design
@misc{unrealweb,
  author = {Epic Games Inc.},
  title = {The {U}nreal {E}ngine},
  year = {2022},
  howpublished="\url{https://www.unrealengine.com/en-US}",
  urldate = {2022-09-27}
}

@misc{infinityw,
author = {Epic Games Inc.},
title = {Infinity Blade: Weapons},
year = {2015},
howpublished="\url{https://www.unrealengine.com/marketplace/en-US/product/infinity-blade-weapons}",
urldate = {2022-10-2}
}



@misc{infinitya,
author = {Epic Games Inc.},
title = {Infinity Blade: Adversaries},
year = {2015},
howpublished="\url{https://www.unrealengine.com/marketplace/en-US/product/infinity-blade-enemies}",
urldate = {2022-10-2}
}

@misc{wizard,
author = {Dungeon Mason},
title = {Wizard for Battle Polyart},
year = {2020},
howpublished="\url{https://www.unrealengine.com/marketplace/en-US/product/battle-wizard-polyart?sessionInvalidated=true}",
urldate = {2022-10-2}
}

@misc{AI,
author = {Unreal Engine},
title = {Unreal Engine AI with Behavior Trees | Unreal Engine},
year = {2020},
howpublished="\url{https://www.youtube.com/watch?v=iY1jnFvHgbE}",
urldate = {2022-12-4}
}

@misc{Timer,
author = {Unreal Engine},
title = {Using Timers},
howpublished="\url{https://docs.unrealengine.com/4.26/en-US/InteractiveExperiences/UseTimers/}",
urldate = {2022-12-4}
}

@misc{health,
author = {Matt Aspland},
title = {How To Make A Health Bar In Unreal Engine 5},
howpublished="\url{https://www.youtube.com/watch?v=PVgMkUwhtoM}",
urldate = {2022-12-4}
}




@ARTICLE{smit54,
	AUTHOR = {J. G. Smith and H. K. Weston},
	TITLE = {Nothing Particular in this Year's History},
	YEAR = {1954},
	JOURNAL = {J. Geophys. Res.},
	VOLUME = {2},
	PAGES = {14-15}
}
@BOOK{colu92,
	AUTHOR = {Christopher Columbus},
	TITLE = {How {I} Discovered {America}},
	YEAR = {1492},
	PUBLISHER = {Hispanic Press},
	ADDRESS = {Barcelona}
}
@ARTICLE{gree00,
	AUTHOR = {R. J. Green and U. P. Fred and W. P. Norbert},
	TITLE = {Things that Go Bump in the Night},
	YEAR = {1900},
	JOURNAL = {Psych. Today},
	VOLUME = {46},
	PAGES = {345-678}
}
@ARTICLE{phil99,
	AUTHOR = {T. P. Phillips},
	TITLE = {Possible Influence of the Magnetosphere on {American} History},
	YEAR = {1999},
	JOURNAL = {J. Oddball Res.},
	VOLUME = {98},
	PAGES = {1000-1003}
}
@ARTICLE{jame76,
	AUTHOR = {Kelly James and Harris, Jr., George and Wilby Wollops},
	TITLE = {{American} Independence and Magnetism},
	YEAR = {1776},
	JOURNAL = {Revol. Tracts},
	VOLUME = {32},
	PAGES = {34-55}
}
