@engine{epic:2022,
title={unreal engine 5},
author={Epic Games Inc},
}
@asset{wizard:2020,
title={Wizard for Battle Polyart},
author={Dungeon Mason},
date={feb,26,2020},
}
@asset{infinityblade,
title={Infinity Blade: Adversaries},
author={Epic Games},
date={Sep 9, 2015},
}







